@article{crotty2015vizdom,
  title={Vizdom: interactive analytics through pen and touch},
  author={Crotty, Andrew and Galakatos, Alex and Zgraggen, Emanuel and Binnig, Carsten and Kraska, Tim},
  journal={Proceedings of the VLDB Endowment},
  volume={8},
  number={12},
  pages={2024--2027},
  year={2015},
  publisher={VLDB Endowment}
}