@inproceedings{agarwal2011sentiment,
	title={Sentiment analysis of twitter data},
	author={Agarwal, Apoorv and Xie, Boyi and Vovsha, Ilia and Rambow, Owen and Passonneau, Rebecca},
	booktitle={Proceedings of the Workshop on Languages in Social Media},
	pages={30--38},
	year={2011},
	organization={Association for Computational Linguistics}
}

@inproceedings{pang2002thumbs,
  title={Thumbs up?: sentiment classification using machine learning techniques},
  author={Pang, Bo and Lee, Lillian and Vaithyanathan, Shivakumar},
  booktitle={Proceedings of the ACL-02 conference on Empirical methods in natural language processing-Volume 10},
  pages={79--86},
  year={2002},
  organization={Association for Computational Linguistics}
}

@inproceedings{sentiment140,
  title={Twitter Sentiment Classification using Distant Supervision},
  author={Alec Go, Richa Bhayani, Lei Huang},
  booktitle={Technical Report},
  organization={Stanford}
}


