@article{crotty2015vizdom,
  title={Vizdom: interactive analytics through pen and touch},
  author={Crotty, Andrew and Galakatos, Alex and Zgraggen, Emanuel and Binnig, Carsten and Kraska, Tim},
  journal={Proceedings of the VLDB Endowment},
  volume={8},
  number={12},
  pages={2024--2027},
  year={2015},
  publisher={VLDB Endowment}
}

@inproceedings{smith1988using,
	title={Using the ADAP learning algorithm to forecast the onset of diabetes mellitus},
	author={Smith, Jack W and Everhart, JE and Dickson, WC and Knowler, WC and Johannes, RS},
	booktitle={Proceedings of the Annual Symposium on Computer Application in Medical Care},
	pages={261},
	year={1988},
	organization={American Medical Informatics Association}
}

@book{jolliffe2002principal,
	title={Principal component analysis},
	author={Jolliffe, Ian},
	year={2002}
}

@article{mead1992review,
	title={Review of the development of multidimensional scaling methods},
	author={Mead, A},
	journal={The Statistician},
	year={1992}
}

@article{guo2003coordinating,
	title={Coordinating computational and visual approaches for interactive feature selection and multivariate clustering},
	author={Guo, Diansheng},
	journal={Information Visualization},
	year={2003}
}

@inproceedings{yang2004value,
	title={Value and relation display for interactive exploration of high dimensional datasets},
	author={Yang, Jing and others},
	booktitle={INFOVIS},
	year={2004}
}

@article{gleicher2013explainers,
	title={Explainers: Expert Explorations with Crafted Projections},
	author={Gleicher, Michael},
	journal={TVCG},
	year={2013}
}

@article{skinsegment,
	title={Skin Segmentation Dataset},
	author={Rajen Bhatt, Abhinav Dhall},
	journal={ UCI Machine Learning Repository}
}